@article{Mattis_1998,
  doi = {10.1103/revmodphys.70.979},
  url = {http://dx.doi.org/10.1103/revmodphys.70.979},
  year = {1998},
  month = {jul},
  publisher = {American Physical Society ({APS})},
  volume = {70},
  number = {3},
  pages = {979--1001},
  author = {Daniel C. Mattis and M. Lawrence Glasser},
  title = {{The uses of quantum field theory in diffusion-limited reactions}},
  journal = {Reviews of Modern Physics},
}
